@ARTICLE{IPM:ne,
author = {Reyes-Amaro A. and Kakes A.},
title = {Implementación de un Método Primal - Dual de Punto Interior para la resolución del problema de programación lineal},
journal = {Boletín de la Sociedad Cubana de Matemática y Computación},
volume = {5},
note = {ISSN: 1728-6042 RPNS 2017},	
year = {2007},
}
@ARTICLE{MSC:info,
author = {Reyes-Amaro A. Mesejo A. and Jaume-i-Capó A.},
title = {Planificación de camino para una cadena cinemática aplicando filtros de partículas dentro del espacio libre de configuración},
journal = {Memorias del evento Informática 2011},
note = {(CC1093) ISBN: 978-959-7213-01-7},
year = {2011},
}
@ARTICLE{MSC:compumat,
author = {Reyes-Amaro A. Mesejo A. and Jaume-i-Capó A.},
title = {Movimiento óptimo de una cadena cinemática hacia un objetivo entre obstáculos},
journal = {Memorias del XII Congreso de Matemática y Computación COMPUMAT 2011},
note = {ISBN: 978-959-250-658-9},
year = {2011},
}
@ARTICLE{MSC:dtr4all,
author = {Reyes-Amaro A. Fadraga-González Y. Vera-Pérez O. L. Domínguez-Campillo E. NodarseRabelo J. Mesejo-Chiong A. Moyà-Alcover B. and Jaume-i-Capó A.},
title = {Rehabilitation of patients with motor disabilities using computer vision based techniques},
journal = {Journal of Accessibility and Design for All},
note = {ISSN: 2013-7087},
year = {2011},
}
@ARTICLE{SIC,
author = {Reyes-Amaro A. Mesejo-Chiong A. Ramón Mas-Sansó and Jaume-i-Capó A.},
title = {Using Particle Filters to Find Free Obstacle Trajectories for a Kinematic Chain},
journal = {Studies in Informatics and Control},
volume = {22},
issue = {2},
note = {ISSN: 1220-1766},
year = {2013},
}
@ARTICLE{MIC,
author = {Reyes-Amaro A. Monfroy Éric and Richoux Florian},
title =	{A Parallel-Oriented Language for Modeling Constraint-Based Solvers},
journal = {Proceedings of the 11th edition of the Metaheuristics International Conference (MIC 2015)},
publisher =	{Springer},
year ={2015},
}
@ARTICLE{JFPC,
	author = {Reyes-Amaro A. Monfroy Éric and Richoux Florian},
	title =	{Un langage orienté parallèle pour modéliser des solveurs de contraintes},
	journal = {Onzièmes Journées Francophones de Programmation par Contraintes (JFPC)},
	publisher =	{Bordeaux, France},
	year ={2015},
}
@ARTICLE{bookMIC,
	author = {Reyes-Amaro A. Monfroy Éric and Richoux Florian},
	title =	{POSL: A Parallel-Oriented metaheuristic-based Solver Language},
	journal = {Recent developments of metaheuristics},
	publisher =	{to appear},
	year ={to appear},
}